


@inproceedings{Laurent14j1,
	Address = {Le Mans, France},
	Author = {Laurent, A. and  Camelin, N. and Raymond, C.},
	Booktitle = {JEP 2014, Journ{\'e}es d'Etudes sur la Parole},
	Month = {Juin},
	Abstract = {Dans ce travail, nous nous intéressons au problème de la détection du rôle du locuteur dans les émissions d'actualités radiotélévisées. Dans la littérature, les solutions proposées sont de combiner des indicateurs variés provenant de l'acoustique, de la transcription et/ou de son analyse par des méthodes d'apprentissage automatique. De nombreuses études font ressortir l'algorithme de boosting sur des règles de décision simples comme l'un des plus efficaces à combiner ces différents descripteurs. Nous proposons ici une modification de cet algorithme état-de-l'art en remplaçant ces règles de décision simples par des mini arbres de décision que nous appelons bonzaïs. Les expériences comparatives menées sur le corpus EPAC montrent que cette modification améliore largement les performances du système tout en réduisant le temps d'apprentissage de manière conséquente.},
	Title = {Boosting de bonzaï pour la combinaison efficace de descripteurs : application à l’identification du rôle du locuteur},
	Year = {2014}
}

@inproceedings{Laurent14j2,
	Address = {Le Mans, France},
	Author = {Laurent, A. and Guinaudeau, C. and Roy, A.},
	Booktitle = {JEP 2014, Journ{\'e}es d'Etudes sur la Parole},
	Abstract = {Cet article décrit les méthodes mises en place pour permettre l'analyse d'un corpus composé de documents audiovisuels diffusés au cours des 80 dernières années : le corpus MATRICE. Nous proposons une exploration des données permettant de mettre en évidence les différents thèmes et évènements abordés dans le corpus. Cette exploration est, dans un premier temps, effectuée sur des notices documentaires produites manuellement par les documentalistes de l'Institut National de l'Audiovisuel. Puis, nous montrons, grâce à une étude qualitative et une technique de clustering automatique, que les transcriptions automatiques permettent également d'effectuer une analyse du corpus faisant émerger des thèmes cohérents avec les données traitées.},
	Month = {Juin},
	Title = {Analyse du corpus MATRICE : exploration et classification automatique d’archives audiovisuelles de 1930 à 2012},
	Year = {2014}
}

@inproceedings{Laurent14j3,
	Address = {Le Mans, France},
	Author = {Laurent, A. and Lamel, L.},
	Booktitle = {JEP 2014, Journ{\'e}es d'Etudes sur la Parole},
	Month = {Juin},
	Abstract = {Ce papier décrit le développement d'un système de reconnaissance automatique de la parole pour le coréen. Le coréen est une langue alpha-syllabique, parlée par environ 78 millions de personnes dans le monde. Le développement de ce système a été mené en utilisant très peu de données annotées manuellement. Les modèles acoustiques ont été adaptés de manière non supervisée en utilisant des données provenant de différents sites d'actualités coréens. Le corpus de développement contient des transcriptions approximatives des documents audio : il s'agit d'un corpus transcrit automatiquement et aligné avec des données provenant des mêmes sites Internet. Nous comparons différentes approches dans ce travail, à savoir, des modèles de langue utilisant des unités différentes pour l'apprentissage non supervisé et pour le décodage (des caractères et des mots avec des vocabulaires de différentes tailles), l'utilisation de phonèmes et d'unités ``demi-syllabiques'' et deux approches différentes d'apprentissage non supervisé.},
	Title = {Développement d’un système de reconnaissance automatique de la parole en coréen avec peu de ressources annotées},
	Year = {2014}
}

@inproceedings{Laurent14j4,
	Address = {Le Mans, France},
	Author = {Bonneau-Maynard, H. and Segal, N. and Bilinski, E. and Gauvain, J.-L. and Gong, L. and Lamel, L. and Laurent, A. and Yvon, F. and Despres, J. and Josse, Y. and Le, V.-B.},
	Booktitle = {JEP 2014, Journ{\'e}es d'Etudes sur la Parole},
	Month = {Juin},
	Title = {Traduction de la parole dans le projet RAPMAT},
	Year = {2014}
}

@inproceedings{Laurent14j5,
	Address = {Le Mans, France},
	Author = {Bouaziz, M. and Laurent, A. and Estève, Y.},
	Booktitle = {JEP 2014, Journ{\'e}es d'Etudes sur la Parole},
	Month = {Juin},
	Title = {Décodage hybride dans les SRAP pour l’indexation automatique de documents multimédia},
	Year = {2014}
}

@article{Laurent14c,
	Author = {Laurent, A. and Meignier, S. and Del\'eglise, P.},
	Journal = {In Computer Speech And Language},
	Publisher = {Elsevier},
	Title = {{Improving recognition of proper nouns in ASR through generating and filtering phonetic transcriptions}},
	Year = {2014},
}

@inproceedings{Laurent14d,
  Author = {Laurent, A. and Hartmann, W. and Lamel, L.},
  Year = {2014},
   Booktitle = {Interspeech 2014, 15th Annual Conference of the International Speech Communication Association},
  Title = {Unsupervised training of the under-resourced Korean language (en attente d'acceptation / rejet)},
  address = {Singapoure},
  month = {Mai},
}

@inproceedings{Laurent14e,
  Author = {Laurent, A. and Camelin, N. and Raymond, C.},
  Year = {2014},
   Booktitle = {Interspeech 2014, 15th Annual Conference of the International Speech Communication Association},
  Title = {Boosting bonsai trees for efficient features combination : application to speaker role identification  (en attente d'acceptation / rejet)},
  address = {Singapoure},
  month = {Mai},
}




@inproceedings{Laurent14b,
  Author = {Bredin, H. and Laurent, A. and Sarkar, A. and Le, V.-B. and Barras, Claude and Rosset, Sophie},
  Year = {2014},
  Booktitle ={Odyssey 2014, The Speaker and Language Recognition Workshop},
  Title = {Person Instance Graphs for Named Speaker Identification in TV Broadcast (en attente d'acceptation / rejet)},
  address = {St. Petersburg, Russie},
  month = {Mai},
}


@inproceedings{Laurent14,
  Author = {Laurent, A. and Lamel, L.},
  Year = {2014},
  Booktitle ={SLTU 2014, Spoken Language Technologies for Under-resourced languages},
  Title = {Development of a Korean speech recognition system with little annontated data},
  address = {St. Petersburg, Russie},
  month = {Mai},
}

@inproceedings{Laurent12j1,
	Address = {Grenoble, France},
	Author = {Dufour, R. and Laurent, A. and Estève, Y.},
	Booktitle = {JEP 2012, Journ{\'e}es d'Etudes sur la Parole},
	Month = {Juin},
	Title = {Combinaison d’approches pour la reconnaissance du rôle des locuteurs},
	Year = {2012}
}


@inproceedings{Laurent12,
  Author = {El-Khoury, E. and Laurent, A. and Meignier, S. and Petitrenaud, S.},
  Year = {2012},
  Booktitle ={ICASSP 2012, IEEE International Conference on Acoustics, Speech, and Signal Processing},
  Title = {Combining transcription-based and acoustic- based speaker identifications for broadcast news},
  address = {Kyoto, Japon},
  month = {Mars},
}


@inproceedings{Laurent11,
  Author = {Laurent, A. and Meignier, S. and Merlin, T. and Deléglise, P.},
  Year = {2011},
  Booktitle ={ICASSP 2011, IEEE International Conference on Acoustics, Speech, and Signal Processing},
  Title = {Computer-assisted transcription of speech based on confusion network reordering},
  address = {Prague, Republique Tcheque},
  month = {Mai},
}

@inproceedings{Laurent10-b,
	Address = {Makuhari, Japon},
	Author = {Laurent, A. and Meignier, S. and Merlin, T. and Deléglise, P.},
	Booktitle = {Interspeech 2010, 11th Annual Conference of the International Speech Communication Association},
	Month = {Septembre},
	Title = {Acoustics-Based Phonetic Transcription Method for Proper Nouns},
	Year = {2010}
}

@inproceedings{Laurent10j1,
	Address = {Mons, Belgique},
	Author = {Laurent, A. and  Camelin, N. and Raymond, C.},
	Booktitle = {JEP 2010, Journ{\'e}es d'Etudes sur la Parole},
	Month = {Juin},
	Title = {Réordonnancement automatique d’hypothèses pour l’assistance à la transcription de la parole},
	Year = {2010}
}

@inproceedings{Laurent10,
	Address = {Dallas, USA},
	Author = {Estève, Y. and Deléglise, P. and Meignier, S. and Petitrenaud, S. and Schwenk, H. and Barrault, L. and Bougares, F. and Dufour, R. and Jousse, V. and Laurent, A. and Rousseau, A.},
	Booktitle = {Workshop CMU SPU},
	Month = {Mars},
	Title = {Some recent research work at LIUM based on the use of CMU Sphinx},
	Year = {2010}
}

@inproceedings{Laurent08,
	Address = {Marrakech, Morocco},
	Author = {Laurent, A. and Merlin, T. and Meignier, S. and Est\`eve, Y. and Del\'eglise, P.},
	Booktitle = {{LREC 2008, Language Resources and Evaluation Conference}},
	Date-Added = {2008-09-26 18:00:36 +0200},
	Date-Modified = {2008-09-26 18:06:10 +0200},
	Month = {Mai},
	Title = {Combined systems for automatic phonetic transcription of proper nouns},
	Year = {2008}
}

@inproceedings{Laurent08-b,
	Address = {Avignon, France},
	Author = {Laurent, A. and and Meignier, S. and Est\`eve, Y. and Del\'eglise, P.},
	Booktitle = {JEP 2008, Journ{\'e}es d'Etudes sur la Parole},
	Month = {Juin},
	Title = {Combinaison de systèmes pour la phonétisation automatique de noms propres},
	Year = {2008}
}

@INPROCEEDINGS{Laurent09,
  Author = {Laurent, A. and Merlin, T. and Meignier, S. and Estève, Y. and Deléglise, P.},
  Title = {Iterative filtrering of phonetic transcriptions of proper nouns},
   Booktitle = {ICASSP 2009, IEEE International Conference on Acoustics, Speech, and Signal Processing},
    Address = {Taipei, Taiwan},
    pages = {4265-4268},
    volume = {1},
    Year = {2009}
}

@INPROCEEDINGS{Laurent09-b,
  Author = {Laurent, A. and Deléglise, P. and Meignier, S.},
  Title = {{Grapheme to phoneme conversion using an SMT system}},
   Booktitle = {Interspeech 2009, 10th Annual Conference of the International Speech Communication Association},
    Address = {Brighton, Angleterre},
    pages = {708-711},
    month = {Septembre},
    Year = {2009}
}


